<record xmlns:xsi="http://www.w3.org/2001/XMLSchema-instance" xmlns="http://www.loc.gov/MARC21/slim" xsi:schemaLocation="http://www.loc.gov/MARC21/slim http://www.loc.gov/standards/marcxml/schema/MARC21slim.xsd">

  <leader>00741nam a2200193   4500</leader>
  <controlfield tag="008">150826b2015    cr a|||| |||| 00| | spa d</controlfield>
  <datafield tag="090" ind1=" " ind2=" ">
    <subfield code="a">05.01.01 </subfield>
    <subfield code="b">2263</subfield>
  </datafield>
  <datafield ind2="0" ind1="1" tag="245">
    <subfield code="a">Musa obrera: historia, balances y desafíos de la clase trabajadora en el centenario del 1 de mayo en Costa Rica, 1913-2013 /</subfield>
    <subfield code="c">Mario Torres Montiel; Juan José Marín Hernández, compiladores</subfield>
  </datafield>
  <datafield ind2=" " ind1=" " tag="260">
    <subfield code="a">San José, Costa Rica :</subfield>
    <subfield code="b">CIHAC,</subfield>
    <subfield code="c">2015</subfield>
  </datafield>
  <datafield ind2=" " ind1=" " tag="300">
    <subfield code="a">320 páginas</subfield>
  </datafield>
  <datafield ind1="1" tag="650" ind2="4">
    <subfield code="9">932</subfield>
    <subfield code="a">HISTORIA SOCIAL</subfield>
  </datafield>
  <datafield ind2="4" ind1="1" tag="650">
    <subfield code="9">933</subfield>
    <subfield code="a">TRABAJADORES</subfield>
  </datafield>
  <datafield tag="650" ind1="1" ind2="4">
    <subfield code="9">934</subfield>
    <subfield code="a">SINDICATOS</subfield>
  </datafield>
  <datafield tag="650" ind1="1" ind2="4">
    <subfield code="9">374</subfield>
    <subfield code="a">MOVIMIENTOS SOCIALES</subfield>
  </datafield>
  <datafield ind1=" " tag="651" ind2="0">
    <subfield code="9">47</subfield>
    <subfield code="a">COSTA RICA</subfield>
  </datafield>
  <datafield ind2=" " ind1="1" tag="700">
    <subfield code="9">931</subfield>
    <subfield code="a">Torres Montiel, Mario</subfield>
    <subfield code="e">Compilador</subfield>
  </datafield>
  <datafield ind1="1" tag="700" ind2=" ">
    <subfield code="9">935</subfield>
    <subfield code="a">Marín Hernández, Estela</subfield>
    <subfield code="e">compilador</subfield>
  </datafield>
  <datafield ind2=" " ind1=" " tag="942">
    <subfield code="2">z</subfield>
    <subfield code="c">01</subfield>
  </datafield>
  <datafield ind2=" " tag="999" ind1=" ">
    <subfield code="c">2824</subfield>
    <subfield code="d">2824</subfield>
  </datafield>
</record>